<collection xmlns="http://www.loc.gov/MARC21/slim">
<record>
  <leader>02146nam0a22003491i 450 </leader>
  <controlfield tag="001">IT\ICCU\CNCE\031397</controlfield>
  <controlfield tag="005">20070920000000.0</controlfield>
  <datafield tag="012" ind1=" " ind2=" ">
    <subfield code="a">e.e- a,mi a.e- etci (3) 1540 (R)</subfield>
    <subfield code="2">fei</subfield>
  </datafield>
  <datafield tag="100" ind1=" " ind2=" ">
    <subfield code="a">19971203d1540        0itac0103    ba</subfield>
  </datafield>
  <datafield tag="101" ind1=" " ind2=" ">
    <subfield code="a">LAT</subfield>
  </datafield>
  <datafield tag="102" ind1=" " ind2=" ">
    <subfield code="a">IT</subfield>
  </datafield>
  <datafield tag="200" ind1="1" ind2=" ">
    <subfield code="a">℗Augustini Niphi Medices, philosophi Suessani. ℗In libris Aristotelis meteorologicis commentaria. Eiusdem generalia commentaria in libro de mistis: qui a veteribus quartus meteororum liber inscribitur. Et a iunioribus meteorologicon dicitur. Quibus adiectus est locupletissimus index eorum quae tam in textu, quam in commentariis pertractantur, serie alphabetica ordinatus. Omnia multo, quam antea, emendatiora: ac restituta non pauca</subfield>
  </datafield>
  <datafield tag="210" ind1=" " ind2=" ">
    <subfield code="a">Venetiis: in praelo B. et O. Scoti fratrum</subfield>
    <subfield code="d">1540</subfield>
    <subfield code="e">Venetiis</subfield>
    <subfield code="g">in officina Brandini &amp; Octauiani Scoti</subfield>
  </datafield>
  <datafield tag="215" ind1=" " ind2=" ">
    <subfield code="a">\14!, 146 c.</subfield>
    <subfield code="d">fol</subfield>
  </datafield>
  <datafield tag="620" ind1=" " ind2=" ">
    <subfield code="a">IT</subfield>
    <subfield code="d">Venezia</subfield>
  </datafield>
  <datafield tag="700" ind1=" " ind2="1">
    <subfield code="a">Nifo,</subfield>
    <subfield code="b">Agostino</subfield>
    <subfield code="3">IT\ICCU\CNCA\000274</subfield>
  </datafield>
  <datafield tag="702" ind1=" " ind2="0">
    <subfield code="a">Aristoteles</subfield>
    <subfield code="3">IT\ICCU\CNCA\000006</subfield>
  </datafield>
  <datafield tag="712" ind1="0" ind2="0">
    <subfield code="a">Scoto, Brandino &amp; Scoto, Ottaviano &lt;2.&gt;</subfield>
    <subfield code="3">IT\ICCU\CNCT\001036</subfield>
    <subfield code="4">650</subfield>
  </datafield>
  <datafield tag="790" ind1=" " ind2="0">
    <subfield code="a">Agostino</subfield>
    <subfield code="c"> : da#Sessa</subfield>
    <subfield code="3">IT\ICCU\CNCA\012356</subfield>
    <subfield code="z">Nifo, Agostino</subfield>
  </datafield>
  <datafield tag="790" ind1=" " ind2="1">
    <subfield code="a">Niphus,</subfield>
    <subfield code="b">Eutychius Augustinus</subfield>
    <subfield code="3">IT\ICCU\CNCA\017355</subfield>
    <subfield code="z">Nifo, Agostino</subfield>
  </datafield>
  <datafield tag="790" ind1=" " ind2="1">
    <subfield code="a">Niphus,</subfield>
    <subfield code="b">Augustinus</subfield>
    <subfield code="3">IT\ICCU\CNCA\021679</subfield>
    <subfield code="z">Nifo, Agostino</subfield>
  </datafield>
  <datafield tag="790" ind1=" " ind2="1">
    <subfield code="a">Niphus,</subfield>
    <subfield code="b">Augustinus : Suesanus</subfield>
    <subfield code="3">IT\ICCU\CNCA\022085</subfield>
    <subfield code="z">Nifo, Agostino</subfield>
  </datafield>
  <datafield tag="790" ind1=" " ind2="0">
    <subfield code="a">Aristotele</subfield>
    <subfield code="3">IT\ICCU\CNCA\018928</subfield>
    <subfield code="z">Aristoteles</subfield>
  </datafield>
  <datafield tag="791" ind1="0" ind2="0">
    <subfield code="a">Scotus, Brandinus &amp; Scotus, Octavianus &lt;2.&gt;</subfield>
    <subfield code="3">IT\ICCU\CNCT\005624</subfield>
    <subfield code="z">Scoto, Brandino &amp; Scoto, Ottaviano &lt;2.&gt;</subfield>
  </datafield>
  <datafield tag="791" ind1="0" ind2="0">
    <subfield code="a">Scotti, Ottaviano &lt;2.&gt; &amp; Scotti, Brandino</subfield>
    <subfield code="3">IT\ICCU\CNCT\005625</subfield>
    <subfield code="z">Scoto, Brandino &amp; Scoto, Ottaviano &lt;2.&gt;</subfield>
  </datafield>
  <datafield tag="801" ind1=" " ind2="3">
    <subfield code="a">IT</subfield>
    <subfield code="b">ICCU</subfield>
    <subfield code="c">20201114</subfield>
  </datafield>
  <datafield tag="899" ind1=" " ind2=" ">
    <subfield code="a">Biblioteca francescana S. Maria di Loreto. Paduli</subfield>
    <subfield code="1">BN0036</subfield>
    <subfield code="2">ZBN 01</subfield>
  </datafield>
  <datafield tag="899" ind1=" " ind2=" ">
    <subfield code="a">Biblioteca civica Berio. Genova</subfield>
    <subfield code="1">GE0036</subfield>
    <subfield code="2">SGE BE</subfield>
  </datafield>
  <datafield tag="899" ind1=" " ind2=" ">
    <subfield code="a">Biblioteca universitaria. Genova</subfield>
    <subfield code="1">GE0038</subfield>
    <subfield code="2">LIG 01</subfield>
  </datafield>
  <datafield tag="899" ind1=" " ind2=" ">
    <subfield code="a">Biblioteca regionale universitaria. Messina</subfield>
    <subfield code="1">ME0050</subfield>
    <subfield code="2">PAL BM</subfield>
  </datafield>
  <datafield tag="899" ind1=" " ind2=" ">
    <subfield code="a">Biblioteca universitaria Alessandrina. Roma</subfield>
    <subfield code="1">RM0280</subfield>
    <subfield code="2">RML 01</subfield>
  </datafield>
  <datafield tag="899" ind1=" " ind2=" ">
    <subfield code="a">Biblioteca nazionale universitaria. Torino</subfield>
    <subfield code="z">MUTILO</subfield>
    <subfield code="1">TO0265</subfield>
    <subfield code="2">TO0 02</subfield>
  </datafield>
</record>
</collection>
